<record><leader>00000cas a2200000 a 4500</leader><controlfield tag="001">17359170</controlfield><controlfield tag="008">880119d19061981wauwr ne      0    0eng d</controlfield><datafield ind1=" " ind2=" " tag="010"><subfield code="a">sn 88085211 </subfield></datafield><datafield ind1=" " ind2=" " tag="040"><subfield code="a">SLZ</subfield><subfield code="b">eng</subfield><subfield code="c">SLZ</subfield><subfield code="d">DLC</subfield><subfield code="d">SLZ</subfield><subfield code="d">OCL</subfield><subfield code="d">OCLCQ</subfield><subfield code="d">OCLCF</subfield><subfield code="d">OCLCO</subfield></datafield><datafield ind1="1" ind2=" " tag="029"><subfield code="a">AU@</subfield><subfield code="b">000025812436</subfield></datafield><datafield ind1=" " ind2=" " tag="042"><subfield code="a">msc</subfield></datafield><datafield ind1=" " ind2=" " tag="043"><subfield code="a">n-us-wa</subfield></datafield><datafield ind1="0" ind2="4" tag="245"><subfield code="a">The Friday Harbor journal.</subfield></datafield><datafield ind1=" " ind2=" " tag="260"><subfield code="a">Friday Harbor, Wash. :</subfield><subfield code="b">R &amp; L Duthie</subfield></datafield><datafield ind1=" " ind2=" " tag="300"><subfield code="a">76 v.</subfield></datafield><datafield ind1=" " ind2=" " tag="310"><subfield code="a">Weekly</subfield></datafield><datafield ind1="0" ind2=" " tag="362"><subfield code="a">Vol. 1, no. 1 (Sept. 13, 1906)-v. 76, no. 2 (Sept. 16, 1981).</subfield></datafield><datafield ind1=" " ind2="0" tag="651"><subfield code="a">Friday Harbor (Wash.)</subfield><subfield code="v">Newspapers.</subfield></datafield><datafield ind1=" " ind2="7" tag="655"><subfield code="a">Newspapers.</subfield><subfield code="2">fast</subfield><subfield code="0">(OCoLC)fst01423814</subfield></datafield><datafield ind1=" " ind2="7" tag="651"><subfield code="a">Washington (State)</subfield><subfield code="z">Friday Harbor.</subfield><subfield code="2">fast</subfield><subfield code="0">(OCoLC)fst01216598</subfield></datafield><datafield ind1=" " ind2=" " tag="752"><subfield code="a">United States</subfield><subfield code="b">Washington</subfield><subfield code="c">San Juan</subfield><subfield code="d">Friday Harbor.</subfield></datafield><datafield ind1="0" ind2="0" tag="785"><subfield code="t">Journal of the San Juan Islands</subfield><subfield code="w">(DLC)sn 88087111</subfield></datafield></record>